<?xml version="1.0" encoding="UTF-8"?><collection xmlns="http://www.loc.gov/MARC21/slim"><record><leader>00465nam--2200169-i-4500</leader><controlfield tag="001">000000168</controlfield><controlfield tag="002">20161230</controlfield><controlfield tag="005">20161230201023</controlfield><controlfield tag="008">060222s1000------------r-----000-0-eng-d</controlfield><datafield ind1=" " ind2=" " tag="040"><subfield code="a">IFIN-HH</subfield></datafield><datafield ind1=" " ind2=" " tag="080"><subfield code="a">535</subfield></datafield><datafield ind1="1" ind2=" " tag="100"><subfield code="a">Ghatak, Ajoy K</subfield></datafield><datafield ind1="1" ind2="0" tag="245"><subfield code="a">An introduction to modern optics</subfield><subfield code="c">Ajoy k. ghatak</subfield></datafield><datafield ind1=" " ind2=" " tag="260"><subfield code="a">NEW DELHI</subfield><subfield code="b">Tata Mcgraw-hill Publishing Co. Limited</subfield><subfield code="c">1971</subfield></datafield><datafield ind1=" " ind2=" " tag="300"><subfield code="a">XIX + 12 FIG. + 368 P</subfield></datafield><datafield ind1=" " ind2=" " tag="852"><subfield code="a">37341</subfield><subfield code="c">535</subfield></datafield><datafield ind1=" " ind2=" " tag="CAT"><subfield code="a">Sys</subfield><subfield code="c">20101103</subfield><subfield code="h">141535</subfield></datafield></record></collection>